<collection xmlns="http://www.loc.gov/MARC21/slim">
<record>
  <leader>02180nam0a2200325 i 450 </leader>
  <controlfield tag="001">IT\ICCU\CNCE\039343</controlfield>
  <controlfield tag="005">20071228000000.0</controlfield>
  <datafield tag="012" ind1=" " ind2=" ">
    <subfield code="a">e-a, i-c- e,bi vi&amp;f (3) 1597 (A)</subfield>
    <subfield code="2">fei</subfield>
  </datafield>
  <datafield tag="100" ind1=" " ind2=" ">
    <subfield code="a">19981109d1597        0itac0103    ba</subfield>
  </datafield>
  <datafield tag="101" ind1=" " ind2=" ">
    <subfield code="a">ITA</subfield>
  </datafield>
  <datafield tag="102" ind1=" " ind2=" ">
    <subfield code="a">IT</subfield>
  </datafield>
  <datafield tag="200" ind1="1" ind2=" ">
    <subfield code="a">Regole grammaticali di m. Giouanni Dauid britanno. Diuse in libri dua, nel primo de&apos; quali si contengono breuissimi, et facilissimi precetti, ouer regole, a vtile di tutti i fanciulli principianti. Nel secondo poi vtilissimi documenti per tutti quelli, iquali di gi ̉hauranno fatto qualche poco di fondamento. Composti da lui in lingua volgare fiorentina, in vn modo assai diuerso da quello, che da qual si voglia altro scrittor di questa materia insino a nostri tempi  ̈stato vsato. Doue ogniuno di mediocreingegno potr ̉quasi da se, &amp; senza maestro acquistare la lingua latina</subfield>
  </datafield>
  <datafield tag="210" ind1=" " ind2=" ">
    <subfield code="a">In Venetia</subfield>
    <subfield code="c">appresso Girolamo Polo</subfield>
    <subfield code="d">1597</subfield>
  </datafield>
  <datafield tag="215" ind1=" " ind2=" ">
    <subfield code="a">\8!, 10 \i.e. 100! c.</subfield>
    <subfield code="d">8ʻ</subfield>
  </datafield>
  <datafield tag="620" ind1=" " ind2=" ">
    <subfield code="a">IT</subfield>
    <subfield code="d">Venezia</subfield>
  </datafield>
  <datafield tag="700" ind1=" " ind2="1">
    <subfield code="a">Rhys,</subfield>
    <subfield code="b">John David</subfield>
    <subfield code="3">IT\ICCU\CNCA\015635</subfield>
  </datafield>
  <datafield tag="712" ind1="0" ind2="0">
    <subfield code="a">Polo, Girolamo</subfield>
    <subfield code="3">IT\ICCU\CNCT\000547</subfield>
    <subfield code="4">650</subfield>
  </datafield>
  <datafield tag="790" ind1=" " ind2="1">
    <subfield code="a">Rhoesus,</subfield>
    <subfield code="b">Ioannes David</subfield>
    <subfield code="3">IT\ICCU\CNCA\017686</subfield>
    <subfield code="z">Rhys, John David</subfield>
  </datafield>
  <datafield tag="790" ind1=" " ind2="0">
    <subfield code="a">Giovanni David</subfield>
    <subfield code="c"> : Britanno</subfield>
    <subfield code="3">IT\ICCU\CNCA\018427</subfield>
    <subfield code="z">Rhys, John David</subfield>
  </datafield>
  <datafield tag="790" ind1=" " ind2="1">
    <subfield code="a">Rhys,</subfield>
    <subfield code="b">Ioan Dafydd</subfield>
    <subfield code="3">IT\ICCU\CNCA\018428</subfield>
    <subfield code="z">Rhys, John David</subfield>
  </datafield>
  <datafield tag="791" ind1="0" ind2="0">
    <subfield code="a">Polus, Hieronymus</subfield>
    <subfield code="3">IT\ICCU\CNCT\005464</subfield>
    <subfield code="z">Polo, Girolamo</subfield>
  </datafield>
  <datafield tag="791" ind1="0" ind2="0">
    <subfield code="a">Polis, Hieronymus de</subfield>
    <subfield code="3">IT\ICCU\CNCT\005465</subfield>
    <subfield code="z">Polo, Girolamo</subfield>
  </datafield>
  <datafield tag="801" ind1=" " ind2="3">
    <subfield code="a">IT</subfield>
    <subfield code="b">ICCU</subfield>
    <subfield code="c">20201114</subfield>
  </datafield>
  <datafield tag="899" ind1=" " ind2=" ">
    <subfield code="a">Biblioteca civica. Novi Ligure</subfield>
    <subfield code="1">AL0060</subfield>
    <subfield code="2">TO0 33</subfield>
  </datafield>
  <datafield tag="899" ind1=" " ind2=" ">
    <subfield code="a">Biblioteca del Convento francescano. Dongo</subfield>
    <subfield code="1">CO0075</subfield>
    <subfield code="2">ZCO 04</subfield>
  </datafield>
  <datafield tag="899" ind1=" " ind2=" ">
    <subfield code="a">Biblioteca del Seminario Vescovile della Facolt ̉Teologica del Triveneto dell&apos;Istituto Filosofico Aloisianum. Padova</subfield>
    <subfield code="1">PD0073</subfield>
    <subfield code="2">PUV 01</subfield>
  </datafield>
  <datafield tag="899" ind1=" " ind2=" ">
    <subfield code="a">Biblioteca Palatina. Parma</subfield>
    <subfield code="1">PR0072</subfield>
    <subfield code="2">PAR PA</subfield>
  </datafield>
  <datafield tag="899" ind1=" " ind2=" ">
    <subfield code="a">Biblioteca diocesana mons. Alessandro Piazza. Albenga</subfield>
    <subfield code="1">SV0226</subfield>
    <subfield code="2">PBE Q8</subfield>
  </datafield>
  <datafield tag="911" ind1=" " ind2=" ">
    <subfield code="a">sul front</subfield>
    <subfield code="9">IT\ICCU\CNCM\001000</subfield>
  </datafield>
  <datafield tag="921" ind1=" " ind2=" ">
    <subfield code="a">IT\ICCU\CNCM\001000</subfield>
    <subfield code="b">Cerbero con due teste abbassate e una alzata per azzannare il cibo che gli viene lanciato da una mano.</subfield>
    <subfield code="e">Vis vincitur arte.</subfield>
    <subfield code="c">U84</subfield>
    <subfield code="d">Dimensioni: 5,5 x 4</subfield>
    <subfield code="f">VISVINCITU</subfield>
    <subfield code="f">CERBERO</subfield>
    <subfield code="g">1583-1600</subfield>
  </datafield>
</record>
</collection>
